<?xml version="1.0" encoding="UTF-8"?><record xmlns="http://www.loc.gov/MARC21/slim" xmlns:cinclude="http://apache.org/cocoon/include/1.0" xmlns:zs="http://www.loc.gov/zing/srw/">
  <leader>01285cz  a2200157n  4500</leader>
  <controlfield tag="001">n  50081331 </controlfield>
  <controlfield tag="003">DLC</controlfield>
  <controlfield tag="005">20090131075109.0</controlfield>
  <controlfield tag="008">810427n| acannaabn          |a ana      </controlfield>
  <datafield tag="010" ind1=" " ind2=" ">
    <subfield code="a">n  50081331 </subfield>
  </datafield>
  <datafield tag="035" ind1=" " ind2=" ">
    <subfield code="a">(OCoLC)oca00114872</subfield>
  </datafield>
  <datafield tag="040" ind1=" " ind2=" ">
    <subfield code="a">DLC</subfield>
    <subfield code="b">eng</subfield>
    <subfield code="c">DLC</subfield>
    <subfield code="d">OCoLC</subfield>
  </datafield>
  <datafield tag="110" ind1="1" ind2=" ">
    <subfield code="a">Denmark.</subfield>
    <subfield code="b">Socialministeriet.</subfield>
    <subfield code="b">Økonomisk-statistiske konsulent</subfield>
  </datafield>
  <datafield tag="510" ind1="1" ind2=" ">
    <subfield code="w">nnnd</subfield>
    <subfield code="a">Denmark.</subfield>
    <subfield code="b">Arbejds- og socialministeriernes økonomisk-statistiske konsulent</subfield>
  </datafield>
  <datafield tag="510" ind1="1" ind2=" ">
    <subfield code="w">nnnd</subfield>
    <subfield code="a">Denmark.</subfield>
    <subfield code="b">Arbejdsministeriet.</subfield>
    <subfield code="b">Økonomisk-statistiske konsulent</subfield>
  </datafield>
  <datafield tag="665" ind1=" " ind2=" ">
    <subfield code="a">Arbejds- og socialministeriernes økonomisk-statistiske konsulent ceased to be a joint agency of Arbejdsministeriet and Socialministeriet in 1971. Both ministries now have their own økonomisk-statistiske konsulent.</subfield>
    <subfield code="a">Works by these bodies are found under the following headings according to the name used at the time of publication:</subfield>
    <subfield code="a">Denmark. Arbejds- og socialministeriernes økonomisk-statistiske konsulent.</subfield>
    <subfield code="a">Denmark. Arbejdsministeriet. Økonomisk-statistiske konsulent.</subfield>
    <subfield code="a">Denmark. Socialministeriet. Økonomisk-statistiske konsulent.</subfield>
    <subfield code="a">SUBJECT ENTRY: Works about these bodies are entered under one or more of the names resulting from the separation. Works limited in coverage to the pre-separation period are entered under the name of the original body.</subfield>
  </datafield>
</record>